@inproceedings{idris-tp,
 author = {Christiansen, David Raymond},
 title = {Dependent Type Providers},
 booktitle = {Proceedings of Workshop on Generic Programming},
 series = {WGP '13},
 year = {2013},
 isbn = {978-1-4503-2389-5},
 pages = {25--34},
 numpages = {10},
}

@inproceedings{idris-tools,
  author    = {Hannes Mehnert and David Christiansen},
  title     = {Tool Demonstration: An IDE for Programming and Proving in {I}dris},
  booktitle = {Proceedings of Vienna Summer of Logic},
  series =    {VSL'14},
  year      = {2014},
}

@online{fsharp-data,
 author = {Tomas Petricek and Gustavo Guerra and Contributors},
 title = {F\# {D}ata: Library for Data Access},
 year = {2015},
 url = {http://fsharp.github.io/FSharp.Data/},
}

@techreport{fsharp-typeprov,
 author = "Don Syme and K. Battocchi and K. Takeda and D. Malayeri and J. Fisher and J. Hu and T. Liu and B. McNamara and D. Quirk and M. Taveggia and W. Chae and U. Matsveyeu and T. Petricek",
 title = "Strongly-typed language support for internet-scale information sources",
 year = "2012",
 month = "September",
 institution = "Microsoft Research",
 number = "MSR-TR-2012-101",
}

@inproceedings{fsharp-typeprov-ddfp,
  author    = {Don Syme and Keith Battocchi and Kenji Takeda and Donna Malayeri and Tomas Petricek},
  title     = {Themes in information-rich functional programming for internet-scale data sources},
  booktitle = {Proceedings of the Workshop on Data Driven Functional Programming},
  series =    {DDFP'13},
  pages     = {1--4},
  year      = {2013},
  doi       = {10.1145/2429376.2429378},
}

@inproceedings{linq,
  title={{LINQ}: {R}econciling object, relations and {XML} in the {.NET} {F}ramework},
  author={Meijer, Erik and Beckman, Brian and Bierman, Gavin},
  booktitle={Proceedings of the International Conference on Management of Data},
  series = {SIGMOD '06},
  pages={706--706},
  year={2006},
}


@inproceedings{comega-xs,
  title={Unifying tables, objects, and documents},
  author={Meijer, Erik and Schulte, Wolfram and Bierman, Gavin},
  booktitle={Workshop on Declarative Programming in the Context of Object-Oriented Languages},
  pages={145--166},
  year={2003},
}


@inproceedings{links,
  title={Links: Web programming without tiers},
  author={Cooper, Ezra and Lindley, Sam and Wadler, Philip and Yallop, Jeremy},
  booktitle={Formal Methods for Components and Objects},
  pages={266--296},
  year={2007},
  organization={Springer}
}

@inproceedings{typing-json,
  title={Typing Massive JSON Datasets},
  author={Colazzo, Dario and Ghelli, Giorgio and Sartiani, Carlo},
  booktitle={International Workshop on Cross-model Language Design and Implementation},
  series = {XLDI '12},
  year={2012}
}

@article{xduce,
  title={{XDuce}: A statically typed XML processing language},
  author={Hosoya, Haruo and Pierce, Benjamin C},
  journal={Transactions on Internet Technology},
  volume={3},
  number={2},
  pages={117--148},
  year={2003},
  publisher={ACM}
}

@incollection{liteq,
  title={IDE Integrated RDF Exploration, Access and RDF-Based Code Typing with LITEQ},
  author={Scheglmann, Stefan and L{\"a}mmel, Ralf and Leinberger, Martin and Staab, Steffen and Thimm, Matthias and Viegas, Evelyne},
  booktitle={The Semantic Web: ESWC 2014 Satellite Events},
  pages={505--510},
  year={2014},
  publisher={Springer}
}

@article{xduce-ml,
  title={A type-safe embedding of {XDuce} into {ML}},
  author={Sulzmann, Martin and Lu, Kenny Zhuo Ming},
  journal={Electr. Notes in Theoretical Comp. Sci.},
  volume={148},
  number={2},
  pages={239--264},
  year={2006},
  publisher={Elsevier}
}


@article{pads-dsl,
  title={{PADS}: a domain-specific language for processing ad hoc data},
  author={Fisher, Kathleen and Gruber, Robert},
  journal={ACM Sigplan Notices},
  volume={40},
  number={6},
  pages={295--304},
  year={2005},
  publisher={ACM}
}

@inproceedings{pads-ml,
  title={{PADS/ML}: A functional data description language},
  author={Mandelbaum, Yitzhak and Fisher, Kathleen and Walker, David and Fernandez, Mary and Gleyzer, Artem},
  booktitle={ACM SIGPLAN Notices},
  volume={42},
  number={1},
  pages={77--83},
  year={2007},
  organization={ACM}
}

@inproceedings{pads-learn,
 author = {Fisher, Kathleen and Walker, David and Zhu, Kenny Q. and White, Peter},
 title = {From Dirt to Shovels: Fully Automatic Tool Generation from Ad Hoc Data},
 booktitle = {Proceedings of the 35th Annual ACM SIGPLAN-SIGACT Symposium on Principles of Programming Languages},
 series = {POPL '08},
 year = {2008},
 isbn = {978-1-59593-689-9},
 pages = {421--434},
} 

@article{age-of-web,
  author = {Tomas Petricek and Don Syme},
  title={In the Age of Web: Typed Functional-First Programming Revisited},
  journal={Submitted to post-proceedings of ML Workshop},
  year={2014}
}

@inproceedings{template-hask,
  title={Template meta-programming for Haskell},
  author={Sheard, Tim and Jones, Simon Peyton},
  booktitle={Proceedings of the 2002 ACM SIGPLAN workshop on Haskell},
  pages={1--16},
  year={2002},
  organization={ACM}
}

@inproceedings{th-camlp4,
  title={Camlp4 and {T}emplate {H}askell},
  author={Donham, Jake and Pouillard, Nicolas},
  booktitle={Commercial Users of Functional Programming},
  year={2010},
}

@article{multi-stage,
 author = {Taha, Walid and Sheard, Tim},
 title = {Multi-stage Programming with Explicit Annotations},
 journal = {SIGPLAN Not.},
 volume = {32},
 number = {12},
 year = {1997},
 issn = {0362-1340},
 pages = {203--217},
 numpages = {15},
}

@inproceedings{gradual-js,
  title={Gradual typing embedded securely in JavaScript},
  author={Swamy, Nikhil and Fournet, C{\'e}dric and Rastogi, Aseem and Bhargavan, Karthikeyan and Chen, Juan and Strub, Pierre-Yves and Bierman, Gavin},
  booktitle={ACM SIGPLAN Notices},
  volume={49},
  number={1},
  pages={425--437},
  year={2014},
  organization={ACM}
}

@inproceedings{ur,
  title={Ur: {S}tatically-typed metaprogramming with type-level record computation},
  author={Chlipala, Adam},
  booktitle={ACM Sigplan Notices},
  volume={45},
  number={6},
  pages={122--133},
  year={2010},
  organization={ACM}
}

@inproceedings{gradual,
  title={Gradual typing for functional languages},
  author={Siek, Jeremy G and Taha, Walid},
  booktitle={Scheme and Functional Programming Workshop},
  pages={81--92},
  year={2006}
}

@inproceedings{fwjava,
  title={Featherweight Java: A minimal core calculus for Java and GJ},
  author={Igarashi, Atshushi and Pierce, Benjamin and Wadler, Philip},
  booktitle={ACM SIGPLAN Notices},
  volume={34},
  number={10},
  pages={132--146},
  year={1999},
  organization={ACM}
}

@article{java-erasure,
  title={Making the future safe for the past: Adding genericity to the Java programming language},
  author={Bracha, Gilad and Odersky, Martin and Stoutamire, David and Wadler, Philip},
  journal={Acm sigplan notices},
  volume={33},
  number={10},
  pages={183--200},
  year={1998},
  publisher={ACM}
}

@book{sml,
  title={The definition of {S}tandard {ML}: revised},
  author={Milner, Robin},
  year={1997},
  publisher={MIT press}
}

@article{syntactic,
  title={A syntactic approach to type soundness},
  author={Wright, Andrew K and Felleisen, Matthias},
  journal={Information and computation},
  volume={115},
  number={1},
  pages={38--94},
  year={1994},
  publisher={Elsevier}
}

@inproceedings{rows-cardelli,
  title={Operations on records},
  author={Cardelli, Luca and Mitchell, John C},
  booktitle={Mathematical foundations of programming semantics},
  pages={22--52},
  year={1990},
  organization={Springer}
}


@book{rows-remy,
  title={Type inference for records in a natural extension of ML},
  author={R{\'e}my, Didier},
  year={1993},
  publisher={Theoretical Aspects Of Object-Oriented Programming. Types, Semantics and Language Design. MIT Press}
}

